<?xml version="1.0" encoding="UTF-8"?><collection xmlns="http://www.loc.gov/MARC21/slim"><record><leader>00428nam--2200169-u-4500</leader><controlfield tag="001">000051733</controlfield><controlfield tag="002">20161230</controlfield><controlfield tag="005">20161230201049</controlfield><controlfield tag="008">080918s1000------------r-----000-0-eng-d</controlfield><datafield ind1=" " ind2=" " tag="040"><subfield code="a">IFIN-HH</subfield></datafield><datafield ind1=" " ind2=" " tag="080"><subfield code="a">517.7</subfield></datafield><datafield ind1="1" ind2=" " tag="100"><subfield code="a">Rehwald,Walther</subfield></datafield><datafield ind1="1" ind2="0" tag="245"><subfield code="a">Elementare Einfuhrung in die Bessel-Neumann un Hankel-Funktionen</subfield></datafield><datafield ind1=" " ind2=" " tag="260"><subfield code="a">Stuttgart</subfield><subfield code="c">1959</subfield></datafield><datafield ind1=" " ind2=" " tag="300"><subfield code="a">44 p</subfield></datafield><datafield ind1=" " ind2=" " tag="852"><subfield code="a">15422</subfield><subfield code="c">517.7</subfield></datafield><datafield ind1=" " ind2=" " tag="CAT"><subfield code="a">Sys</subfield><subfield code="c">20080918</subfield><subfield code="h">105727</subfield></datafield></record></collection>